@incollection{VilaltaBook,
	author = {Brazdil, Pavel and Giraud-Carrier, Christophe and Soares, Carlos and Vilalta, Ricardo},
	title = {META-LEARNING: Concepts and Techniques},
	booktitle = {Metalearning: Applications to Data Mining},
	year = {2008},
	isbn = {3540732624, 9783540732624},
	edition = {1},
	publisher = {Springer Publishing Company, Incorporated},
}

@InProceedings{ThoHutHooLey13-AutoWEKA,
	author =   {Chris Thornton and Frank Hutter and Holger Hoos and Kevin Leyton-Brown},
	title =  {Auto-{WEKA}: Combined Selection and Hyperparameter Optimization of Classification Algorithms},
	booktitle = {Proc.~of KDD-2013},
	year = 2013,
	pages = {847-855}
}

@article{HonakerKingBlackwell2011,
	author  = {James Honaker and Gary King and Matthew Blackwell},
	title   = {Amelia {II}: A Program for Missing Data},
	journal = {Journal of Statistical Software},
	volume  = {45},
	number  = {7},
	pages   = {1--47},
	day     = {12},
	month   = {12},
	year    = {2011},
	CODEN   = {JSSOBK},
	ISSN    = {1548-7660},
	bibdate = {2011-06-01},
	URL     = {http://www.jstatsoft.org/v45/i07}
}
